<record><leader>00000cas a2200000 a 4500</leader><controlfield tag="001">12180513</controlfield><controlfield tag="008">850620c19209999vtudn ne      0   a0eng c</controlfield><datafield ind1=" " ind2=" " tag="010"><subfield code="a">sn 90005351 </subfield></datafield><datafield ind1=" " ind2=" " tag="040"><subfield code="a">VTU</subfield><subfield code="b">eng</subfield><subfield code="c">VTU</subfield><subfield code="d">NSD</subfield><subfield code="d">NYS</subfield><subfield code="d">MGN</subfield><subfield code="d">NVN</subfield><subfield code="d">OCLCQ</subfield><subfield code="d">OCLCF</subfield><subfield code="d">DLC</subfield></datafield><datafield ind1="1" ind2=" " tag="022"><subfield code="a">1054-3716</subfield><subfield code="l">1054-3716</subfield><subfield code="2">1</subfield></datafield><datafield ind1=" " ind2=" " tag="042"><subfield code="a">nsdp</subfield><subfield code="a">pcc</subfield></datafield><datafield ind1=" " ind2="0" tag="222"><subfield code="a">Caledonian-record</subfield><subfield code="b">(Saint Johnsbury, Vt.)</subfield></datafield><datafield ind1="0" ind2="4" tag="245"><subfield code="a">The Caledonian-record.</subfield></datafield><datafield ind1="3" ind2=" " tag="246"><subfield code="a">Caledonian record</subfield></datafield><datafield ind1="1" ind2="0" tag="246"><subfield code="a">Evening Caledonian</subfield></datafield><datafield ind1="1" ind2="0" tag="246"><subfield code="a">Newport record</subfield></datafield><datafield ind1="1" ind2="3" tag="246"><subfield code="a">Evening Caledonian and Newport record</subfield><subfield code="f">&lt;Aug. 2, 1923&gt;-</subfield></datafield><datafield ind1="1" ind2="7" tag="246"><subfield code="a">Evening Caledonian-record</subfield></datafield><datafield ind1=" " ind2=" " tag="260"><subfield code="a">St. Johnsbury, Vt. :</subfield><subfield code="b">The Caledonian Pub. Co.,</subfield></datafield><datafield ind1=" " ind2=" " tag="300"><subfield code="a">v. :</subfield><subfield code="b">ill. ;</subfield><subfield code="c">58 cm.</subfield></datafield><datafield ind1=" " ind2=" " tag="310"><subfield code="a">Daily (except Sun.)</subfield></datafield><datafield ind1="0" ind2=" " tag="362"><subfield code="a">Vol. 5, no. 3 (June 28, 1920)-</subfield></datafield><datafield ind1=" " ind2=" " tag="530"><subfield code="a">Archived issues are available in digital format from the Library of Congress Chronicling America online collection.</subfield></datafield><datafield ind1=" " ind2="0" tag="651"><subfield code="a">Saint Johnsbury (Vt.)</subfield><subfield code="v">Newspapers.</subfield></datafield><datafield ind1=" " ind2="0" tag="651"><subfield code="a">Vermont</subfield><subfield code="v">Newspapers.</subfield></datafield><datafield ind1=" " ind2="7" tag="651"><subfield code="a">Vermont.</subfield><subfield code="2">fast</subfield><subfield code="0">(OCoLC)fst01204305</subfield></datafield><datafield ind1=" " ind2="7" tag="651"><subfield code="a">Vermont</subfield><subfield code="z">Saint Johnsbury.</subfield><subfield code="2">fast</subfield><subfield code="0">(OCoLC)fst01226818</subfield></datafield><datafield ind1=" " ind2="7" tag="655"><subfield code="a">Newspapers.</subfield><subfield code="2">fast</subfield><subfield code="0">(OCoLC)fst01423814</subfield></datafield><datafield ind1=" " ind2=" " tag="752"><subfield code="a">United States</subfield><subfield code="b">Vermont</subfield><subfield code="c">Caledonia</subfield><subfield code="d">Saint Johnsbury.</subfield></datafield><datafield ind1="0" ind2="0" tag="780"><subfield code="t">Evening Caledonian</subfield><subfield code="x">2375-1886</subfield><subfield code="w">(DLC)sn 97067598</subfield><subfield code="w">(OCoLC)12179794</subfield></datafield><datafield ind1="4" ind2="1" tag="856"><subfield code="u">http://chroniclingamerica.loc.gov/lccn/sn90005351/issues</subfield></datafield></record>